@unpublished{heat-pump-learning,
  title={Two-Stage Learning of the Interaction of Heat Plumes of Geothermal Heat Pumps (unver√∂ffentlicht)},
  author={Julia Pelzer and Miriam Schulte},
  year={2024},
}